@Book{erl,
 title     = {Service-Oriented Architecture: Concepts, Technology, and Design},
 author    = {Thomas Erl},
 publisher = {The Prentice Hall Service Technology Series},
 year      = {2009}
}

@Article{chaczko,
 title    = {Availability and Load Balancing in Cloud Computing},
 author   = {Zenon Chaczko, V. Mahadevan, Shahrzad Aslanzadeh and Christopher Mcdermid},
 journal  = {International Conference on Computer and Software Modeling IPCSIT},
 year     = {2011}
}

@online{ng,
 title    = {Machine Learning Coursera Course},
 author   = {Andrew Ng},
 year     = {2014},
 urldate  = {2020-01-01},
 url      = {http://coursera.org/learn/machine-learning}
}

@Book{mostafa,
 title     = {Learning from Data, A short course},
 author    = {Yaser S. Abu-Mostafa, Malik Magdon-Ismail and Hsuan-Tien Lin},
 publisher = {AMLBook},
 year      = {2012}
}

@MastersThesis{grover,
 title    = {Anomaly Detection for Application Log Data},
 author   = {Aarish Grover},
 school   = {San Jose State University},
 year     = {2018}
}

@article{rastogi,
 title = {Anomaly Detection in Log Records},
 author = {Rastogi, R. and Nahata, S. and Ghuli, Poonam and Pratiba, D. and Shobha, G.},
 year = {2018},
 month = {04},
 pages = {343-347},
 volume = {10},
 journal = {Indonesian Journal of Electrical Engineering and Computer Science},
 doi = {10.11591/ijeecs.v10.i1.pp343-347}
}

@inproceedings{pad,
 title={PAD: Performance Anomaly Detection in Multi-server Distributed Systems},
 author={M. {Peiris} and J. H. {Hill} and J. {Thelin} and S. {Bykov} and G. {Kliot} and C. {Konig}},
 booktitle={2014 IEEE 7th International Conference on Cloud Computing},
 year={2014},
 pages={769-776},
 keywords={distributed processing;security of data;performance anomaly detection;multiserver distributed systems;PAD tool;data diagnosis;performance tuning;user-driven navigation analysis;correlation analysis;comparative analysis;Orleans system;Radiation detectors;Servers;Data visualization;Correlation;System performance;Distributed databases;Cloud computing;Performance Diagnostics;Anomaly Detection;Performance Bottlenecks;Distributed Systems;Orleans},
 doi={10.1109/CLOUD.2014.107},
 ISSN={2159-6182},
 month={June}
}

@article{tapiador,
 title    = {Measuring normality in HTTP traffic for anomaly-based intrusion detection},
 author   = {Juan M. Estevez-Tapiador , Pedro Garcıa-Teodoro, Jesus E. Dıaz-Verdejo},
 journal  = {Computer Networks},
 volume   = {45},
 pages    = {175-193},
 year     = {2004},
 month    = {June}
}

@inproceedings{TorranoGimnez2010AnAA,
  title   = {An Anomaly-Based Approach for Intrusion Detection in Web Traffic},
  author  = {Camen Torrano-Gim{\'e}nez and Alejandro P{\'e}rez-Villegas and Gonzalo {\'A}lvarez Mara{\~n}{\'o}n},
  year    = {2010}
}

@MastersThesis{dullmann,
 title    = {Performance Anomaly Detection in Microservice Architectures Under Continuous Change},
 author   = {Thomas F. Düllmann},
 school   = {University of Stuttgart},
 year     = {2017},
 url      = {http://dx.doi.org/10.18419/opus-9066}
}
